@Article{ pgor,
	title = "Procedural Generation of Roads",
	author = "`E. Galin, A. Peytavie, N. Maréchal, E. Guérin",
    journal = "Eurogrpahics",
    volume = "29",
    number = "2",
    year = "2010"
}


@TechReport{ sintefnotat,
	title = "Sintef notat",
	author = "B. Eikebrokk",
	institution = "SINTEF Byggforsk",
	address = "Trondheim",
	month = mar,
	year = "2008"
}

@TechReport{ setnotat,
	title = "Notat: Valg av renseprosess for et evt nytt vannverk i Vanvikan",
	author = "Hallvard {\O}degaard",
	institution = "Scandinavian Environmental Technology AS",
	month = feb,
	year = "2007"
}

@TechReport{ techneau,
	title = "Water treatment by enhanced coagulation - Operational status and optimization issues",
	author = "B. Eikebrokk and T. Juhna and S.W. {\O}sterhus",
	institution = "TECHNEAU",
	number = "WP5.3",
	month = dec,
	year = "2006"
}

@MastersThesis{ rachel,
	title = "Development of a seperation unit for water and wastewater treatment",
	author = "R. Galbrun",
	school = "Insa-Rouen / NTNU",
	month = dec,
	year = "2010"
}

@Book{ hendricks,
	title = "Water Treatment Unit Processes - Physical and Chemical",
	author = "David Hendricks",
	publisher = "Taylor \& Francis Group",
	address = "New York",
	year = "2006"
}

@PhDThesis{ thomas-opg,
	title = "NOM Removal in Drinking Water Treatment Using Dead-End Ceramic Microfiltration",
	author = "Thomas Meyn",
	school = "Norwegian University of Science and Technology",
	address = "Trondheim",
	month = "April",
	year = "2011"
}

@Article{ thomas1,
	title = "Comparison of optional process configurations and operating conditions for ceramic membrane MF coupled with coagulation/flocculation pre-tratment for the removal of NOM in drinking water production",
	author = "Thomas Meyn and Tor Ove Leiknes",
	journal = "Journal of Water Supply: Research and Technology - Aqua",
	volume = "59",
	number = "2-3",
	year = "2010"
}

@Article{ thomas2,
	title = "Significance of flocculation for NOM removal by coagulation - ceramic membrane microfiltration",
	author = "Thomas Meyn and A. Bahn and Tor Ove Leiknes",
	journal = "Water Science and Technology: Water Supply",
	volume = "8",
	number = "6",
	year = "2008"
}

@Article{ thomas3,
	title = "Direct surface water treatment with coagulation/ceramic microfiltration - Minimisation of flocculation pre-treatment",
	author = "Thomas Meyn and Johannes Altmann and Tor Ove Leiknes",
	journal = "Desalination and Water Treatment",
	note = "accepted for publication January 2011"
}

@Misc{ metawater,
	title = "Ceramic membrane filtration system, website",
	howpublished = "http://metawater.co.jp/eng/product/drinking/membrane\_clarify/index.html",
	note = "Viewed 30.06.2011",
	author = "Metawater"
}

@Article{ fabris,
	title = "Comparison of NOM character in selected Australian and Norwegian drinking waters",
	author = "Rolando Fabris and Christopher w.k. Chow and Mary Drikas and B. Eikebrokk",
	journal = "Water Research",
	pages = "4188--4196",
	volume = "42",
	number = "15",
	year = "2008"
}

@Article{ edzwald,
	title = "Enhanced coagulation: US requirements and a broader view",
	author = "J.K. Edzwald and J.E. Tobiason",
	journal = "Water Science and Technology",
	pages = "63--70",
	volume = "40",
	number = "9",
	year = "1999"
}

@Article{ chow,
	title = "A rapid fractionation technique to characterise natural organic matter for the optimisation of water treatment processes",
	author = "C.W.K. Chow and R. Fabris and M. Drikas",
	journal = "Journal of Water Supply: Research and Technology - Aqua",
	pages = "85--92",
	volume = "53",
	number = "2",
	year = "2004"
}

@Article{ cabaniss,
	title = "A Stochastic Model for the Synthesis and Degradation of Natural Organic Matter. Part I. Data Structures and Reaction Kinetics",
	author = "S.E. Cabaniss and G. Madey and L. Leff and P.A. Maurice and R. Wetzel",
	journal = "Biogeochemestry",
	pages = "319--347",
	volume = "76",
	number = "2",
	year = "2005"
}

@Article{ loi-brugger,
	title = "Ceramic membranes for direct river water treatment applying coagulation and microfiltration",
	author = {A. Loi-Br{\"u}gger and S. Panglisch and P. Buchta and K. Hattori and H. Yonekawa and Y. Tomita and R. Gimbel},
	journal = "Water Science and Technology: Water Sypply",
	pages = "89--98",
	volume = "6",
	number = "4",
	year = "2006"
}

@InProceedings{ hallvard,
	title = "Technologies for the removal of natural organic matter (NOM)",
	booktitle = "Proc. 12'th Nordic Baltic IHSS symposium",
	author = "Hallvard {\O}degaard and E. Melin and B. Eikebrokk",
	location = "Tallinn",
	month = "June",
	year = "2009"
}

@Misc{ fig-ceramic,
	title = "Figure: Ceramic membrane pilot plant at Bedok NWF (front view)",
	howpublished = "\url{http://www.pub.gov.sg/research/Key_Projects/PublishingImages/mem6_2.jpg}",
	note = "Viewed 04.07.2011",
	author = "{PUB, Singapore's national water agency}"
}

@Misc{ fig-metawater,
	title = "Figure: Schematic flow",
	howpublished = "\url{http://www.metawater.co.jp/eng/product/drinking/membrane_clarify/image/img_flow01.gif}",
	note = "Viewed 04.07.2011",
	author = "{Metawater}"
}

